<?xml version="1.0" encoding="UTF-8"?><collection xmlns="http://www.loc.gov/MARC21/slim"><record><leader>00602nam--2200181-i-4500</leader><controlfield tag="001">000015451</controlfield><controlfield tag="002">20161230</controlfield><controlfield tag="005">20161230201031</controlfield><controlfield tag="008">060222s1000------------r-----000-0-eng-d</controlfield><datafield ind1=" " ind2=" " tag="040"><subfield code="a">IFIN-HH</subfield></datafield><datafield ind1=" " ind2=" " tag="080"><subfield code="a">543.42:533.9(061.3)</subfield></datafield><datafield ind1="1" ind2=" " tag="100"><subfield code="a">Barnes, Ramon M</subfield></datafield><datafield ind1="1" ind2="0" tag="245"><subfield code="a">Developments in atomic plasma spectrochemical analysis</subfield><subfield code="b">Proceedings of international winter conference san juan, puerto rico, 7-11 january 1980</subfield><subfield code="c">RAMON M. BARNES (Ed.)</subfield></datafield><datafield ind1=" " ind2=" " tag="260"><subfield code="a">Chichester, John Wiley And Sons, 1981</subfield></datafield><datafield ind1=" " ind2=" " tag="300"><subfield code="a">XVII + 751 P</subfield></datafield><datafield ind1=" " ind2=" " tag="490"><subfield code="a">Proccedings</subfield></datafield><datafield ind1=" " ind2=" " tag="852"><subfield code="a">72465</subfield><subfield code="c">533.9</subfield></datafield><datafield ind1=" " ind2=" " tag="CAT"><subfield code="a">Sys</subfield><subfield code="c">20101001</subfield><subfield code="h">123838</subfield></datafield></record></collection>